@article{quintero2021empleo,
  title={Empleo de datos satelitales para estimaci{\'o}n de contaminaci{\'o}n atmosf{\'e}rica por material particulado en La Habana.},
  author={Quintero, Veronica Guti{\'e}rrez and Ruiz, Elieza Menezes and Rassi, Alina Roig and Luna, Marco Andr{\'e}s Guevara and Belalcazar, Luis Carlos},
  journal={Revista Cubana de Meteorolog{\'\i}a},
  volume={27},
  number={1},
  year={2021}
}
